@Article{DBLP:journals/corr/LuongPM15,
	author    = {Minh{-}Thang Luong and
	Hieu Pham and
	Christopher D. Manning},
	title     = {Effective Approaches to Attention-based Neural Machine Translation},
	journal   = {CoRR},
	volume    = {abs/1508.04025},
	year      = {2015},
	url       = {http://arxiv.org/abs/1508.04025},
	archivePrefix = {arXiv},
	eprint    = {1508.04025},
	timestamp = {Wed, 07 Jun 2017 14:41:36 +0200},
	biburl    = {https://dblp.org/rec/bib/journals/corr/LuongPM15},
	bibsource = {dblp computer science bibliography, https://dblp.org}
}